<record xmlns="http://www.openarchives.org/OAI/2.0/" xmlns:xsi="http://www.w3.org/2001/XMLSchema-instance"><header><identifier>oai:alma.34CSIC_INST:990012316450204201</identifier><datestamp>2020-02-06T08:41:03Z</datestamp><setSpec>manuscripta</setSpec></header><metadata><record xmlns="http://www.loc.gov/MARC21/slim" xmlns:xsi="http://www.w3.org/2001/XMLSchema-instance" xsi:schemaLocation="http://www.loc.gov/MARC21/slim http://www.loc.gov/standards/marcxml/schema/MARC21slim.xsd"><leader>02574ntm a2200601 i 4500</leader><controlfield tag="005">20181031100351.0</controlfield><controlfield tag="008">100504q1uuu    xx            000 0 ara d</controlfield><controlfield tag="001">990012316450204201</controlfield><datafield tag="035" ind1=" " ind2=" "><subfield code="a">CSIC001231645</subfield></datafield><datafield tag="035" ind1=" " ind2=" "><subfield code="a">(ES-MaCSI)001231645MAD01-Aleph</subfield></datafield><datafield tag="035" ind1=" " ind2=" "><subfield code="a">(OCoLC)1123877726
</subfield></datafield><datafield tag="040" ind1=" " ind2=" "><subfield code="a">ES-MaCSI</subfield><subfield code="b">spa</subfield></datafield><datafield tag="080" ind1=" " ind2=" "><subfield code="a">091(=411.21)</subfield></datafield><datafield tag="245" ind1="1" ind2="0"><subfield code="a">[Documentos medievales]</subfield><subfield code="h">[Manuscrito]</subfield></datafield><datafield tag="260" ind1=" " ind2=" "><subfield code="a">[S.l.],</subfield><subfield code="c">[s.a.].</subfield></datafield><datafield tag="300" ind1=" " ind2=" "><subfield code="a">1 sobre ;</subfield><subfield code="c">cm.</subfield></datafield><datafield tag="490" ind1="0" ind2=" "><subfield code="a">Manuscripta</subfield></datafield><datafield tag="500" ind1=" " ind2=" "><subfield code="a">Papel</subfield></datafield><datafield tag="500" ind1=" " ind2=" "><subfield code="a">Características especiales: Sobre pequeño con documentos medievales</subfield></datafield><datafield tag="500" ind1=" " ind2=" "><subfield code="a">Signatura antigua: AEEA, Caja 20 -- RESC/1010</subfield></datafield><datafield tag="501" ind1=" " ind2=" "><subfield code="a">[Fragmento 1]:</subfield></datafield><datafield tag="501" ind1=" " ind2=" "><subfield code="a">Nº de folios: Folio de papel de grandes dimensiones</subfield></datafield><datafield tag="501" ind1=" " ind2=" "><subfield code="a">Dimensiones: 42,5x31 aprox.</subfield></datafield><datafield tag="501" ind1=" " ind2=" "><subfield code="a">Filigrana: Con filigrana (mano con los dedos juntos y el pulgar separado).</subfield></datafield><datafield tag="501" ind1=" " ind2=" "><subfield code="a">Escrito por una cara</subfield></datafield><datafield tag="501" ind1=" " ind2=" "><subfield code="a">Tinta: tintas negra y roja.</subfield></datafield><datafield tag="501" ind1=" " ind2=" "><subfield code="a">Deterioros generales: Doblado en pequeñas partes. Deteriorado y mutilado en las dobleces. Parece haber sido usado como amuleto.</subfield></datafield><datafield tag="501" ind1=" " ind2=" "><subfield code="a">[Fragmento 2]:</subfield></datafield><datafield tag="501" ind1=" " ind2=" "><subfield code="a">Nº de folios: Folio de papel</subfield></datafield><datafield tag="501" ind1=" " ind2=" "><subfield code="a">Tinta: tinta negra.</subfield></datafield><datafield tag="501" ind1=" " ind2=" "><subfield code="a">Contiene cuentas.</subfield></datafield><datafield tag="501" ind1=" " ind2=" "><subfield code="a">Deterioros generales: con algunos deterioros con manchas y agujeros.</subfield></datafield><datafield tag="501" ind1=" " ind2=" "><subfield code="a">[Fragmento 3]:</subfield></datafield><datafield tag="501" ind1=" " ind2=" "><subfield code="a">Nº de folios: Documento en árabe en papel.</subfield></datafield><datafield tag="501" ind1=" " ind2=" "><subfield code="a">Dimensiones: 21,4x14,5 cm.</subfield></datafield><datafield tag="501" ind1=" " ind2=" "><subfield code="a">Tinta: tinta negra.</subfield></datafield><datafield tag="501" ind1=" " ind2=" "><subfield code="a">Deterioros generales: Pequeños deterioros.</subfield></datafield><datafield tag="501" ind1=" " ind2=" "><subfield code="a">[Fragmento 4]:</subfield></datafield><datafield tag="501" ind1=" " ind2=" "><subfield code="a">Nº de folios: Papel de pequeño tamaño.</subfield></datafield><datafield tag="501" ind1=" " ind2=" "><subfield code="a">Dimensiones: 16,5x10,7 cm.</subfield></datafield><datafield tag="501" ind1=" " ind2=" "><subfield code="a">Con anotaciones y cuentas.</subfield></datafield><datafield tag="501" ind1=" " ind2=" "><subfield code="a">[Fragmento 5]:</subfield></datafield><datafield tag="501" ind1=" " ind2=" "><subfield code="a">Nº de folios: Documento árabe en pergamino.</subfield></datafield><datafield tag="501" ind1=" " ind2=" "><subfield code="a">Dimensiones: 25,5x16 cm.</subfield></datafield><datafield tag="501" ind1=" " ind2=" "><subfield code="a">Tinta: tinta negra.</subfield></datafield><datafield tag="501" ind1=" " ind2=" "><subfield code="a">Deterioros generales: Pequeños deterioros. Está doblado.</subfield></datafield><datafield tag="546" ind1=" " ind2=" "><subfield code="a">Lengua árabe</subfield><subfield code="b">escritura magrebí. [Fragmento 1]</subfield></datafield><datafield tag="546" ind1=" " ind2=" "><subfield code="a">Escrito en árabe [Fragmento 2, 3, 5]</subfield></datafield><datafield tag="546" ind1=" " ind2=" "><subfield code="a">Lengua árabe [Fragmento 4]</subfield></datafield><datafield tag="650" ind1=" " ind2="7"><subfield code="a">Manuscritos árabes.</subfield><subfield code="2">CSICAU</subfield></datafield><datafield tag="830" ind1=" " ind2="0"><subfield code="a">Manuscripta</subfield></datafield><datafield tag="856" ind1="4" ind2="1"><subfield code="u">http://aleph.csic.es/imagenes/mad01/0006_PMSC/P_001231645_658923_V00.pdf</subfield><subfield code="z">Descargar Pdf completo (4.6M)</subfield><subfield code="m">CSIC</subfield></datafield><datafield tag="856" ind1="4" ind2="1"><subfield code="u">http://simurg.bibliotecas.csic.es/viewer/image/CSIC001231645/1/</subfield><subfield code="z">Ver texto completo en SIMURG, el portal de fondos digitalizados del CSIC</subfield><subfield code="m">CSIC</subfield></datafield><datafield tag="856" ind1="4" ind2="1"><subfield code="u">http://aleph.csic.es/imagenes/mad01/0006_PMSC/html/001231645.html</subfield><subfield code="z">Ver texto completo en Bookreader</subfield></datafield></record></metadata></record>